@ONLINE{18,
		author = {World Health Organization},
		title = {Obesity and overweight},
		month = Mar,
		year = {2013},
		url = {http://ieeexplore.ieee.org/stamp/stamp.jsp?tp=&arnumber=5421530}
		}

@article{SOPCBike,
   author = {Prabhu, S. ; PARK Eng. Coll., Coimbatore, India ; Kumar, J.K. ; Vivekanandan, A.K. ; Rekha, R.},
   title = {An SOPC Based Intelligent Bike},
   journal = {Conference on Computer Modeling and Simulation},
   volume = {4},
   year = {2010},
   abstract = {In this paper a new intelligent bike with advanced technology have been presented. The present system is not that much intelligent system. Because there is no tyre pressure monitoring, gear transmission, and RF sensing for safe drive. These are some of the intelligent features that are absent in the present system. This new intelligent bike will provide all the amenities. This will increase the mileage of the bike, safe driving, physically challenged persons can also drive the bike.}
}

@article{FuzzyLogicControl,
   author = {Chi-Ying Liang, Wai-Hon Lin, Brice Chang},
   title = {Applying fuzzy logic control},
   journal = {An SOPC Based Intelligent Bike},
   year = {2006},
   }

@ONLINE{HxMAPI,
		author = {Zeypher},
		title = {HxM Bluetooth API Guitde},
		month = Mar,
		year = {2010},
		url = {http://www.zephyranywhere.com/media/pdf/HXM1_API_P-Bluetooth-HXM-API-Guide_20100722_V01.pdf}
		}