@ONLINE{18,
		author = {World Health Organization},
		title = {Obesity and overweight},
		month = Mar,
		year = {2013},
		url = {http://www.who.int/mediacentre/factsheets/fs311/en/}
		}
		
@ONLINE{20,
		author = {Nielsen},
		title = {HOW AMERICANS ARE SPENDING THEIR MEDIA TIME... AND MONEY},
		month = Mar,
		year = {2013},
		url = {http://www.nielsen.com/us/en/newswire/2012/report-how-americans-are-spending-their-media-time-and-money.html}
		}
		
@ONLINE{21,
		author = {Organization for Economic Co-operation},
		title = {Special Focus: Measuring Leisurein OECD Countries},
		year = {2009},
		url = {http://www.oecd.org/berlin/42675407.pdf}
		}
		
@ONLINE{14,
		author = {World Health Organization},
		title = {Society at a Glance},
		year = {2009},
		url = {http://www.oecd.org/berlin/42675407.pdf}
		}

@ONLINE{4,
		author = {US National Library of Medicine},
		title = {Sedentary Behaviors Increase Risk of Cardiovascular Disease Mortality in Men},
		year = {2010},
		url = {http://www.ncbi.nlm.nih.gov/pmc/articles/PMC2857522/}
		}

@ONLINE{3,
		author = {A global breif on hypertension},
		title = {Sedentary Behaviors Increase Risk of Cardiovascular Disease Mortality in Men},
		year = {2010},
		url = {http://apps.who.int/iris/bitstream/10665/79059/1/WHO_DCO_WHD_2013.2_eng.pdf}
		}
		
@ONLINE{15,
		author = {World Health Organization},
		title = {Sedentary Behaviors Increase Risk of Cardiovascular Disease Mortality in Men},
		year = {2010},
		url = {http://www.who.int/mediacentre/factsheets/fs317/en/index.html}
		}

@ONLINE{17,
		author = {Risk Due to Inactivity in Physically Capable Older Adults},
		title = {Health benefits of physical activity: the evidence},
		year = {2006},
		url = {http://www.cmaj.ca/content/174/6/801.full.pdf+html}
		}

@BOOK{11,
		author = {Ian H. Gotlib, Constance L. Hammen},
		title = {Epidemiology of Depression},
		year = {1993},
		url = {http://www.cmaj.ca/content/174/6/801.full.pdf+html}
		}
		
@BOOK{12,
		author = {World Health Organization},
		title = {Depression},
		month = {October},
		year = {2012},
		url = {http://www.who.int/mediacentre/factsheets/fs369/en/index.html}
		}
@BOOK{13,
		author = {Epidemiology of Depression},
		title = {Health benefits of physical activity: the evidence},
		year = {1993},
		url = {http://www.cmaj.ca/content/174/6/801.full.pdf+html}
		}

@ONLINE{19,
		author = {Stanford School of Medicine},
		title = {Sedentary Behavior â€“ Too much sitting appears to be a major health risk},
		month = sept,
		year = {2013},
		url = {http://wockets.stanford.edu/sedentary_behavior.html}
		}
		
@techreport{22,
		author = {University Transportation Research Container},
		title = {Analysis of Bicycling Trends and Policies in Large North American Cities},
		month = March,
		year = {2011},
		url = {http://www.utrc2.org/sites/default/files/pubs/analysis-bike-final_0.pdf}
		}
